@book{Asimov:1984:DWF:577473,
	author = {Asimov, Isaac},
	title = {How Did We Find Out About Computers?},
	year = {1984},
	publisher = {Walker \& Company},
	keywords = {academic},
	mydoi = {http://dl.acm.org/citation.cfm?id=577473}
}

@book{Asimov:1985:RMM:4983,
	author = {Asimov, Isaac and Frenkel, Karen A.},
	title = {Robots: Machines in Man's Image},
	year = {1985},
	isbn = {0-517-55110-1},
	publisher = {Harmony Books},
	address = {New York, NY, USA},
	keywords = {academic},
	mydoi = {http://dl.acm.org/citation.cfm?id=4983}
}
